@article{Kreider_1994,
author = {Kreider, Jan F. and Haberl, Jeff S.},
title = {Predicting Hourly Building Energy Usage},
journal = {ASHRAE Journal},
volume = 36,
pages = {72--81},
year = 1994}

@inproceedings{MacKay_1994,
author = {MacKay, David J.C.},
title = {Bayesian Nonlinear Modeling for the Prediction Competition},
booktitle = {ASHRAE Transactions},
volume = 100,
pages = {1053--1062},
year = 1994}

@article{Haberl_1998,
author = {Haberl, J. S. and Thamilseran, S.},
title = {The Great Energy Predictor Shootout II: Measuring Retrofit Savings},
journal = {ASHRAE Journal},
volume = 40,
pages = {49--56},
year = 1998}

@article{Dodier_2004,
author = {Dodier, Robert and Henze, Gregor},
title = {Statistical Analysis of Neural Networks as Applied to Building Energy Prediction},
journal = {Journal of Solar Energy Engineering},
volume = 126,
pages = {592--600},
year = 2004}

@inBook{Geron_2017,
author = {Géron, Aurélien},
title = {Hands-On Machine Learning with Scikit-Learn and TensorFlow: Concepts, Tools, and Techniques to Build Intelligent Systems},
chapter = {Machine Learning Project Checklist},
publisher = {O'Reilly Media},
year = 2017}

@inproceedings{Chen_2016,
author = {Chen, Tianqi and Guestrin, Carlos},
title = {XGBoost: A Scalable Tree Boosting System},
year = 2016}

@incollection{Ke_2017,
author = {Ke, Guolin and Meng, Qi and Finley, Thomas and Wang, Taifeng and Chen, Wei and Ma, Weidong and Ye, Qiwei and Liu, Tie-Yan},
title = {LightGBM: A Highly Efficient Gradient Boosting Decision Tree},
booktitle = {Advances in Neural Information Processing Systems},
pages = {3146--3154},
publisher = {Curran Associates, Inc.},
year = 2017}

@incollection{Lundberg_2017,
author = {Lundberg, Scott M. and Lee, Su-In},
title = {A Unified Approach to Interpreting Model Predictions},
booktitle = {Advances in Neural Information Processing Systems 30},
pages = {4765--4774},
publisher = {Curran Associates, Inc.},
year = 2017}

@article{Lundberg_2020,
author = {Lundberg, Scott M. and Erion, Gabriel and Chen, Hugh and DeGrave, Alex and Prutkin, Jordan M. and Nair, Bala and Katz, Ronit and Himmelfarb, Jonathan and Bansal, Nisha and Lee, Su-In},
title = {From Local Explanations to Global Understanding with Explainable AI for Trees},
journal = {Nature Machine Intelligence},
volume = 2,
pages = {2522--5839},
publisher={Nature Publishing Group},
year = 2020}

@article{Friedman_2001,
author = {Friedman, Jerome H.},
title = {Greedy Function Approximation: A Gradient Boosting Machine},
journal = {The Annals of Statistics},
volume = 29,
pages = {1189--1232},
year = 2001}

@inproceedings{Bergstra_2013,
author = {Bergstra, J. and Yamins, D. and Cox, D. D.},
title = {Making a Science of Model Search: Hyperparameter Optimization in Hundreds of Dimensions for Vision Architectures},
booktitle = {Proceedings of the 30th International Conference on Machine Learning},
year = 2013}